<record><leader>00000cas a22000007a 4500</leader><controlfield tag="001">21499209</controlfield><controlfield tag="008">900509d18911942nyuwr ne      0    0eng d</controlfield><datafield ind1=" " ind2=" " tag="010"><subfield code="a">sn 90066058 </subfield></datafield><datafield ind1=" " ind2=" " tag="040"><subfield code="a">NYS</subfield><subfield code="b">eng</subfield><subfield code="c">NYS</subfield><subfield code="d">OCL</subfield><subfield code="d">NYS</subfield><subfield code="d">OCLCQ</subfield><subfield code="d">KRTAS</subfield><subfield code="d">OCLCQ</subfield></datafield><datafield ind1=" " ind2=" " tag="042"><subfield code="a">msc</subfield></datafield><datafield ind1="0" ind2=" " tag="130"><subfield code="a">Independent Republican (Goshen, N.Y. : 1891)</subfield></datafield><datafield ind1="1" ind2="0" tag="245"><subfield code="a">Independent Republican.</subfield></datafield><datafield ind1="3" ind2="0" tag="246"><subfield code="a">Independent weekly Republican</subfield></datafield><datafield ind1=" " ind2=" " tag="260"><subfield code="a">Goshen, N.Y. :</subfield><subfield code="b">Montanye &amp; Drake,</subfield><subfield code="c">1891-1942.</subfield></datafield><datafield ind1=" " ind2=" " tag="300"><subfield code="a">v.</subfield></datafield><datafield ind1=" " ind2=" " tag="310"><subfield code="a">Weekly,</subfield><subfield code="b">1920-1942</subfield></datafield><datafield ind1=" " ind2=" " tag="321"><subfield code="a">Semiweekly,</subfield><subfield code="b">1891-1920</subfield></datafield><datafield ind1="0" ind2=" " tag="362"><subfield code="a">Aug. 4, 1891- ; -v. 119, no. 51 (Dec. 29, 1942).</subfield></datafield><datafield ind1=" " ind2=" " tag="500"><subfield code="a">Published as: Independent weekly Republican, &lt;Mar. 20, 1934&gt;.</subfield></datafield><datafield ind1=" " ind2=" " tag="500"><subfield code="a">"Weekly" appears below masthead ornament, &lt;Mar. 20, 1934&gt;.</subfield></datafield><datafield ind1=" " ind2="4" tag="651"><subfield code="a">Goshen (N.Y.)</subfield><subfield code="v">Newspapers.</subfield></datafield><datafield ind1=" " ind2="4" tag="651"><subfield code="a">Orange County (N.Y.)</subfield><subfield code="v">Newspapers.</subfield></datafield><datafield ind1=" " ind2=" " tag="752"><subfield code="a">United States</subfield><subfield code="b">New York</subfield><subfield code="c">Orange</subfield><subfield code="d">Goshen.</subfield></datafield><datafield ind1="0" ind2="0" tag="780"><subfield code="t">Weekly independent Republican</subfield><subfield code="w">(DLC)sn 87070383</subfield></datafield><datafield ind1="0" ind2="7" tag="785"><subfield code="t">Goshen Democrat (Goshen, N.Y. : 1856)</subfield><subfield code="w">(DLC)sn 83031089</subfield></datafield><datafield ind1="0" ind2="7" tag="785"><subfield code="t">Goshen Democrat &amp; independent Republican</subfield><subfield code="w">(DLC)sn 86035097</subfield><subfield code="w">(OCoLC)14145552</subfield></datafield><datafield ind1=" " ind2=" " tag="938"><subfield code="a">Kirtas Technologies, Inc.</subfield><subfield code="b">KRTS</subfield><subfield code="n">740385</subfield></datafield><datafield ind1="1" ind2=" " tag="029"><subfield code="a">AU@</subfield><subfield code="b">000025862531</subfield></datafield></record>